@online{OperadoresMorfologicos,
	title = {Morphology Fundamentals: Dilation and Erosion - {MATLAB} \& Simulink - {MathWorks} España},
	url = {http://es.mathworks.com/help/images/morphology-fundamentals-dilation-and-erosion.html?requestedDomain=es.mathworks.com},
	urldate = {2016-01-02},
	file = {Morphology Fundamentals\: Dilation and Erosion - MATLAB & Simulink - MathWorks España:/Users/RobertoMiranda/Library/Application Support/Zotero/Profiles/bjnfcjbm.default/zotero/storage/KSBJQ4U4/morphology-fundamentals-dilation-and-erosion.html:text/html}
}

@online{ocr,
	title = {Optical Character Recognition ({OCR}) - How it works},
	url = {http://www.nicomsoft.com/optical-character-recognition-ocr-how-it-works/},
	abstract = {Image to Text: {OCR} technology in details. Description of every important {OCR} step with comments and pictures.},
	urldate = {2015-12-26},
	file = {Snapshot:/Users/RobertoMiranda/Library/Application Support/Zotero/Profiles/bjnfcjbm.default/zotero/storage/USVFNQ2N/optical-character-recognition-ocr-how-it-works.html:text/html}
}
@online{tique,
	title = {Definición de tique},
	url = {http://es.thefreedictionary.com/tique},
	titleaddon = {The Free Dictionary}
}
@misc{ wiki:Hough,
       author = "Wikipedia",
       title = "Transformada de Hough --- Wikipedia{,} La enciclopedia libre",
       year = "2014",
       url = "https://es.wikipedia.org/w/index.php?title=Transformada_de_Hough&oldid=77227299",
       note = "[Internet; descargado 26-diciembre-2015]"
}
@misc{ wiki:Levenshtein,
       author = "Wikipedia",
       title = "Distancia de Levenshtein --- Wikipedia{,} La enciclopedia libre",
       year = "2015",
       url = "https://es.wikipedia.org/w/index.php?title=Distancia_de_Levenshtein&oldid=87682488",
       note = "[Internet; descargado 26-diciembre-2015]"
}
@misc{ wiki:latex,
       author = "Wikipedia",
       title = "LaTeX --- Wikipedia{,} La enciclopedia libre",
       year = "2015",
       url = "https://es.wikipedia.org/w/index.php?title=LaTeX&oldid=84209252",
       note = "[Internet; descargado 30-septiembre-2015]"
}



@misc{ wiki:JAX-RS,
       author = "Wikipedia",
       title = "JAX-RS --- Wikipedia{,} La enciclopedia libre",
       year = "2015",
       url = "https://es.wikipedia.org/w/index.php?title=JAX-RS&oldid=83456295",
       note = "[Internet; descargado 5-diciembre-2015]"
}

@book{scrum,
	title = {Scrum Manager Gestión de Proyectos},
	url = {http://www.safecreative.org/work/1012268137397},
	author = {Claudia Verónica Ruata, Palacio},
	urldate = {2016-01-02},
	file = {Safe Creative\: Obra #1012268137397:/Users/RobertoMiranda/Library/Application Support/Zotero/Profiles/bjnfcjbm.default/zotero/storage/ZCM2QEEK/1012268137397.html:text/html}
}

@online{versionesAndroid,
	title = {Dashboards {\textbar} Android Developers},
	url = {http://developer.android.com/intl/es/about/dashboards/index.html},
	urldate = {2015-12-26},
	file = {Dashboards | Android Developers:/Users/RobertoMiranda/Library/Application Support/Zotero/Profiles/bjnfcjbm.default/zotero/storage/SXRUF36U/index.html:text/html}
}

@online{localVScloud,
	title = {Android and {OCR} {\textbar} Wolf Paulus},
	url = {https://wolfpaulus.com/journal/android-journal/android-and-ocr/},
	urldate = {2015-12-26},
	file = {Android and OCR | Wolf Paulus:/Users/RobertoMiranda/Library/Application Support/Zotero/Profiles/bjnfcjbm.default/zotero/storage/4BWQJSVI/android-and-ocr.html:text/html}
}

@misc{wiki:Cliente-servidor,
       author = "Wikipedia",
       title = "Cliente-servidor --- Wikipedia{,} La enciclopedia libre",
       year = "2015",
       url = "https://es.wikipedia.org/w/index.php?title=Cliente-servidor&oldid=87201238",
       note = "[Internet; descargado 26-diciembre-2015]"
}

@misc{wiki:rest,
       author = "Wikipedia",
       title = "Representational State Transfer --- Wikipedia{,} La enciclopedia libre",
       year = "2015",
       url = "https://es.wikipedia.org/w/index.php?title=Representational_State_Transfer&oldid=87462843",
       note = "[Internet; descargado 26-diciembre-2015]"
}
@online{json,
	title = {¿Qué es {JSON} y dónde se usa? {\textbar} canela.me},
	url = {http://canela.me/articulo/%C2%BFqu%C3%A9-es-json-y-d%C3%B3nde-se-usa},
	urldate = {2015-12-26},
	file = {¿Qué es JSON y dónde se usa? | canela.me:/Users/RobertoMiranda/Library/Application Support/Zotero/Profiles/bjnfcjbm.default/zotero/storage/XWS3JP3F/¿qué-es-json-y-dónde-se-usa.html:text/html}
}

@misc{ wiki:artificial,
       author = "Wikipedia",
       title = "Visión artificial --- Wikipedia{,} La enciclopedia libre",
       year = "2015",
       url = "https://es.wikipedia.org/w/index.php?title=Visi%C3%B3n_artificial&oldid=87584012",
       note = "[Internet; descargado 26-diciembre-2015]"
}

@online{menta,
	title = {Menta - Cupones y Ofertas - Aplicaciones de Android en Google Play},
	url = {https://play.google.com/store/apps/details?id=com.buzinger.mentastudio.app&hl=es},
	urldate = {2015-12-27},
	file = {Menta - Cupones y Ofertas - Aplicaciones de Android en Google Play:/Users/RobertoMiranda/Library/Application Support/Zotero/Profiles/bjnfcjbm.default/zotero/storage/UQFXZ6XT/details.html:text/html}
}

@online{improvequality,
	title = {{ImproveQuality} - tesseract-ocr - Advice on improving the quality of your output. - An {OCR} Engine that was developed at {HP} Labs between 1985 and 1995... and now at Google. - Google Project Hosting},
	url = {https://code.google.com/p/tesseract-ocr/wiki/ImproveQuality},
	urldate = {2016-01-03},
	file = {ImproveQuality - tesseract-ocr - Advice on improving the quality of your output. - An OCR Engine that was developed at HP Labs between 1985 and 1995... and now at Google. - Google Project Hosting:/Users/RobertoMiranda/Library/Application Support/Zotero/Profiles/bjnfcjbm.default/zotero/storage/E66BZRMQ/ImproveQuality.html:text/html}
}