@online{mvpantonio,
	title = {{MVP} en Android: cómo organizar la capa de presentación},
	url = {http://www.limecreativelabs.com/mvp-android/},
	urldate = {2016-01-04},
	file = {MVP en Android\: cómo organizar la capa de presentación:/Users/RobertoMiranda/Library/Application Support/Zotero/Profiles/bjnfcjbm.default/zotero/storage/C982TC4X/mvp-android.html:text/html}
}

@online{seguridad,
	title = {Seguridad Social:Trabajadores},
	url = {http://www.seg-social.es/Internet_1/Trabajadores/CotizacionRecaudaci10777/Basesytiposdecotiza36537/index.htm},
	urldate = {2016-01-04},
	file = {Seguridad Social\:Trabajadores:/Users/RobertoMiranda/Library/Application Support/Zotero/Profiles/bjnfcjbm.default/zotero/storage/W5JBXCGM/index.html:text/html}
}


@online{java,
	title = {Java {SE} Development Kit 7 - Downloads {\textbar} Oracle Technology Network {\textbar} Oracle},
	url = {http://www.oracle.com/technetwork/es/java/javase/downloads/jdk7-downloads-1880260.html},
	urldate = {2016-01-07},
	file = {Java SE Development Kit 7 - Downloads | Oracle Technology Network | Oracle:/Users/RobertoMiranda/Library/Application Support/Zotero/Profiles/bjnfcjbm.default/zotero/storage/3NDGMEHN/jdk7-downloads-1880260.html:text/html}
}

@online{netbeans,
	title = {{NetBeans} {IDE} Download},
	url = {https://netbeans.org/downloads/},
	urldate = {2016-01-07},
	file = {NetBeans IDE Download:/Users/RobertoMiranda/Library/Application Support/Zotero/Profiles/bjnfcjbm.default/zotero/storage/UNDBGC39/downloads.html:text/html}
}

@online{tesseract,
	title = {Downloads - tesseract-ocr - An {OCR} Engine that was developed at {HP} Labs between 1985 and 1995... and now at Google. - Google Project Hosting},
	url = {https://code.google.com/p/tesseract-ocr/downloads/list},
	urldate = {2016-01-07},
	file = {Downloads - tesseract-ocr - An OCR Engine that was developed at HP Labs between 1985 and 1995... and now at Google. - Google Project Hosting:/Users/RobertoMiranda/Library/Application Support/Zotero/Profiles/bjnfcjbm.default/zotero/storage/BSCEQ77E/list.html:text/html}
}

@online{paqueteVisual,
	title = {Paquetes redistribuibles de Visual C++ para Visual Studio 2013},
	url = {https://www.microsoft.com/es-es/download/details.aspx?id=40784},
	abstract = {Los paquetes redistribuibles de Visual C++ instalan componentes en tiempo de ejecución necesarios para ejecutar aplicaciones de C++ creadas con Visual Studio 2013.},
	titleaddon = {Microsoft Download Center},
	urldate = {2016-01-07},
	file = {Snapshot:/Users/RobertoMiranda/Library/Application Support/Zotero/Profiles/bjnfcjbm.default/zotero/storage/QVZFECFD/details.html:text/html}
}

@online{androidStudio,
	title = {Download Android Studio and {SDK} Tools {\textbar} Android Developers},
	url = {http://developer.android.com/intl/es/sdk/index.html},
	urldate = {2016-01-07},
	file = {Download Android Studio and SDK Tools | Android Developers:/Users/RobertoMiranda/Library/Application Support/Zotero/Profiles/bjnfcjbm.default/zotero/storage/Q6KX4Q9B/index.html:text/html}
}

@online{git,
	title = {Git},
	url = {https://git-scm.com/},
	urldate = {2016-01-07},
	file = {Git:/Users/RobertoMiranda/Library/Application Support/Zotero/Profiles/bjnfcjbm.default/zotero/storage/SGDWVJUI/git-scm.com.html:text/html}
}

@online{origenesDesconocidos,
	title = {Habilitar "orígenes desconocidos" en Android para instalar apps fuera de Google Play},
	url = {http://www.elgrupoinformatico.com/habilitar-origenes-desconocidos-android-para-instalar-apps-fuera-google-play-t22996.html},
	abstract = {Lo cierto es que Android se trata de un sistema operativo que ofrece mucha libertad, tanto a nivel de personalización como por la capacidad de ...},
	titleaddon = {El Grupo Informático},
	urldate = {2016-01-10},
	file = {Snapshot:/Users/RobertoMiranda/Library/Application Support/Zotero/Profiles/bjnfcjbm.default/zotero/storage/XKFUAPE4/habilitar-origenes-desconocidos-android-para-instalar-apps-fuera-google-play-t22996.html:text/html}
}

@misc{apk,
       author = "Wikipedia",
       title = "APK (formato) --- Wikipedia{,} La enciclopedia libre",
       year = "2015",
       url = "https://es.wikipedia.org/w/index.php?title=APK_(formato)&oldid=86620536",
       note = "[Internet; descargado 10-enero-2016]"
}